@article{dsp4,
title = {Optimization of data-driven filterbank for automatic speaker verification},
journal = {Digital Signal Processing},
volume = {104},
pages = {102795},
year = {2020},
doi = {https://doi.org/10.1016/j.dsp.2020.102795},
author = {Susanta Sarangi and Md Sahidullah and Goutam Saha},
}

@article{dsp3,
title = {Low frequency frame-wise normalization over constant-Q transform for playback speech detection},
journal = {Digital Signal Processing},
volume = {89},
pages = {30-39},
year = {2019},
doi = {https://doi.org/10.1016/j.dsp.2019.02.018},
author = {Jichen Yang and Rohan Kumar Das},
}


@article{dsp2,
title = {Quality measures for speaker verification with short utterances},
journal = {Digital Signal Processing},
volume = {88},
pages = {66-79},
year = {2019},
doi = {https://doi.org/10.1016/j.dsp.2019.01.023},
author = {Arnab Poddar and Md Sahidullah and Goutam Saha},
}

@article{dsp1,
title = {Data selection for i-vector based automatic speaker verification anti-spoofing},
journal = {Digital Signal Processing},
volume = {72},
pages = {171-180},
year = {2018},
doi = {https://doi.org/10.1016/j.dsp.2017.10.010},
author = {Cemal Hanilçi},
}

@Book{bishop:2006:PRML,
  author = 	 "Christopher M. Bishop",
  title = 	 "Pattern Recognition and Machine Learning",
  publisher = "Springer",
  year = 	 "2006"
}

@article{vs1,
author={- - -},
title = {HSBC reports high trust levels in biometric tech as twins spoof its voice ID system},
journal = {Biometric Technology Today},
number = {6},
pages = {12},
year = {2017},
}

@article{vs2,
title = {Voice spoofing detection corpus for single and multi-order audio replays},
journal = {Computer Speech \& Language},
volume = {65},
pages = {101132},
year = {2021},
author = {Roland Baumann and Khalid Mahmood Malik and Ali Javed and Andersen Ball and Brandon Kujawa and Hafiz Malik}
}

@ARTICLE{dwt1,
  author={Guido, Rodrigo Capobianco},
  journal={IEEE Signal Processing Magazine}, 
  title={Effectively Interpreting Discrete Wavelet Transformed Signals [Lecture Notes]}, 
  year={2017},
  volume={34},
  number={3},
  pages={89-100}
 }

@article{guido2,
author = {Rodrigo Capobianco Guido},
title = {Nearly symmetric orthogonal wavelets for time-frequency-shape joint analysis: Introducing the discrete shapelet transform’s third generation (DST-III) for nonlinear signal analysis},
journal = {Communications in Nonlinear Science and Numerical Simulation},
volume = {97},
pages = {105685},
year = {2021}
}

@article{guido3,
author = {Rodrigo Capobianco Guido and Jan Frans Willem Slaets and Roland Köberle and Lírio Onofre Batista Almeida and José Carlos Pereira},
title = {A new technique to construct a wavelet transform matching a specified signal with applications to digital, real time, spike, and overlap pattern recognition},
journal = {Digital Signal Processing},
volume = {16},
number = {1},
pages = {24-44},
year = {2006}
}

@article{guido4,
title = {Fusing time, frequency and shape-related information: Introduction to the Discrete Shapelet Transform’s second generation (DST-II)},
journal = {Information Fusion},
volume = {41},
pages = {9-15},
year = {2018},
author = {Rodrigo Capobianco Guido}
}

@article{tut_se,
title = {A tutorial on signal energy and its applications},
journal = {Neurocomputing},
volume = {179},
pages = {264-282},
year = {2016},
author = {Rodrigo Capobianco Guido}
}

@article{bossi,
title = {Speech emotion recognition using cepstral features extracted with novel triangular filter banks based on bark and ERB frequency scales},
journal = {Digital Signal Processing},
volume = {104},
pages = {102763},
year = {2020},
author = {Sugan Nagarajan and Satya Sai Srinivas Nettimi and Lakshmi Sutha Kumar and Malaya Kumar Nath and Aniruddha Kanhe} 
}

@article{bossi2,
title = {Improved speech emotion recognition with Mel frequency magnitude coefficient},
journal = {Applied Acoustics},
volume = {179},
pages = {108046},
year = {2021},
author = {J. Ancilin and A. Milton}
}

@ARTICLE{guidodwt1,
  author={Guido, Rodrigo Capobianco},
  journal={IEEE Signal Processing Magazine}, 
  title={Effectively Interpreting Discrete Wavelet Transformed Signals [Lecture Notes]}, 
  year={2017},
  volume={34},
  number={3},
  pages={89-100}
}

@ARTICLE{np1,
  author={Yoon, Sung-Hyun and Koh, Min-Sung and Park, Jae-Han and Yu, Ha-Jin},
  journal={IEEE Access}, 
  title={A New Replay Attack Against Automatic Speaker Verification Systems}, 
  year={2020},
  volume={8},
  number={},
  pages={36080-36088}
}

@inproceedings{np2,
  author={Saranya M S and Hema Murthy},
  title={Decision-level Feature Switching as a Paradigm for Replay Attack Detection},
  year=2018,
  booktitle={Proc. Interspeech 2018},
  pages={686--690}
}

@book{daubechies1992ten,
	title={Ten Lectures on Wavelets},
	author={Daubechies, I.},
	series={CBMS-NSF Regional Conference Series in Applied Mathematics},
	year={1992},
	publisher={Society for Industrial and Applied Mathematics (SIAM, 3600 Market Street, Floor 6, Philadelphia, PA 19104)}
}

@article{WERTZNER2005,
	title = {{Análise da frequência fundamental, jitter, shimmer e intensidade vocal em crianças com transtorno fonológico}},
	journal = {{Revista Brasileira de Otorrinolaringologia}},
	author={Haydée F. Wertzner; Solange Schreiber; Luciana Amaro},
	URL = {http://www.scielo.br/scielo.php?script=sci_arttext&pid=S0034-72992005000500007&nrm=iso},
	volume = {71},
	year = {2005},
	month = {10},
	pages = {582 - 588},
	publisher = {scielo},
}

@book{da1998elementos,
	title={Elementos de teoria paraconsistente de conjuntos},
	author={da Costa, N.C.A. and B{\'e}ziau, J.Y. and Bueno, O.},
	series={Cole{\c{c}}{\~a}o CLE},
	url={https://books.google.com.br/books?id=MGCKGwAACAAJ},
	year={1998},
	publisher={Centro de L{\'o}gica, Epistemologia e Hist{\'o}ria da Ci{\^e}ncia, UNICAMP}
}

@article{COSTA2000,
	title = {Paraconsistência em informática e inteligência artificial},
	journal = {Estudos Avançados},
	author={Costa, Newton C.A. da AND Abe, Jair Minoro},
	volume = {14},
	year = {2000},
	month = {08},
	pages = {161 - 174},
	publisher = {scielo},
}

@book{bosi2002introduction,
	title={Introduction to Digital Audio Coding and Standards},
	author={Bosi, M. and Goldberg, R.E.},
	series={The Springer International Series in Engineering and Computer Science},
	year={2002},
	publisher={Springer US}
}

@book{poole2014linear,
	title={Linear Algebra: A Modern Introduction},
	author={Poole, D.},
	year={2014},
	publisher={Cengage Learning}
}

@book{ghazali2018recent,
	title={Recent Advances on Soft Computing and Data Mining: Proceedings of the Third International Conference on Soft Computing and Data Mining (SCDM 2018), Johor, Malaysia, February 06-07, 2018},
	author={Ghazali, R. and Deris, M.M. and Nawi, N.M. and Abawajy, J.H.},
	series={Advances in Intelligent Systems and Computing},
	year={2018},
	publisher={Springer International Publishing}
}

@article{bennett2000support,
	title={Support vector machines: hype or hallelujah?},
	author={Bennett, Kristin P and Campbell, Colin},
	journal={Acm Sigkdd Explorations Newsletter},
	volume={2},
	number={2},
	pages={1--13},
	year={2000},
	publisher={Acm New York, NY, USA}
}

@ARTICLE{7079589,
	author={R. C. Guido},
	journal={IEEE Signal Processing Magazine}, 
	title={Practical and Useful Tips on Discrete Wavelet Transforms [sp Tips   Tricks]}, 
	year={2015},
	volume={32},
	number={3},
	pages={162-166},
	doi={10.1109/MSP.2014.2368586},
	month={May},
}


@article{doi:10.1121-1.1908630,
	author = {Zwicker, E.},
	title = {Subdivision of the Audible Frequency Range into Critical Bands (Frequenzgruppen)},
	journal = {The Journal of the Acoustical Society of America},
	volume = {33},
	number = {2},
	pages = {248-248},
	year = {1961},
	doi = {10.1121/1.1908630},
}


@book{beranek1949acoustic,
	title={Acoustic Measurements},
	author={Beranek, Leo L.},
	year={1949},
	organization={United States. Navy Dept. Office of Naval Research and United States. Office of Naval Research},
	lccn={49048299},
	publisher={J. Wiley}
}


@book{Jensen_2001,
	doi = {10.1007/978-3-642-56702-5},
	year = 2001,
	publisher = {Springer Berlin Heidelberg},
	author = {Arne Jensen and Anders la Cour-Harbo},
	title = {Ripples in Mathematics}
}


@ARTICLE{8588433,
author={R. C. Guido},
journal={IEEE Signal Processing Magazine},
title={Paraconsistent Feature Engineering [Lecture Notes]},
year={2019},
volume={36},
number={1},
pages={154-158},
doi={10.1109/MSP.2018.2874549},
month={Jan},
}


@ARTICLE{Rod5254905,
	author={P. S. Addison and J. Walker and R. C. Guido},
	journal={IEEE Engineering in Medicine and Biology Magazine},
	title={Time--frequency analysis of biosignals},
	year={2009},
	volume={28},
	number={5},
	pages={14-29},
	doi={10.1109/MEMB.2009.934244},
	month={Sep},
}


@misc{robi2003,
	title={The wavelet tutorial},
	author={Polikar, Robi and others},
	year={1996}
}


@misc{WAVE2019,
	author = {Craig Stuart Sapp},
	title = {WAVE PCM soundfile format},
	date = {2019-11-14},
	url = {http://soundfile.sapp.org/doc/WaveFormat/},
	year = {2019},
}


@article{adiga2007writing,
	title={Writing endian-independent code in C},
	author={Adiga, H},
	journal={Retrieved April},
	volume={24},
	year={2007},
}


@manual{microsoftIbmWaveSpec,
	organization = "IBM and Microsoft",
	title = "Multimedia Programming Interface and Data Specifications 1.0",
	year = 1991,
	note = "Rev. 1.0"
}


@book{haykin2011sistemas,
	title={Sistemas de Comunica{\c{c}}{\~a}o-5},
	author={Haykin, Simon and Moher, Michael},
	year={2011},
	publisher={Bookman Editora}
}


@book{jolliffe2006principal,
	title={Principal Component Analysis},
	author={Jolliffe, I.T.},
	series={Springer Series in Statistics},
	year={2006},
	publisher={Springer New York}
}


@book{salomon2007data,
	title={Data Compression: The Complete Reference},
	author={Salomon, D. and Motta, G. and Bryant, D.},
	series={Molecular biology intelligence unit},
	year={2007},
	publisher={Springer London}
}


@article{kremer2014eficiencia,
	title={A efici{\^e}ncia do disfarce em vozes femininas: uma an{\'a}lise da frequ{\^e}ncia fundamental},
	author={Kremer, Robinson Luis and GOMES, ML d C},
	journal={ReVEL},
	volume={12},
	pages={23},
	year={2014}
}


@article{freitas2013avaliaccao,
	title={Avalia{\c{c}}{\~a}o ac{\'u}stica e {\'a}udio percetiva na caracteriza{\c{c}}{\~a}o da voz humana},
	author={Freitas, Susana},
	year={2013},
	publisher={Faculdade de Engenharia da Universidade do Porto}
}


@article{valencca2014analise,
	title={An{\'a}lise ac{\'u}stica dos formantes em indiv{\'\i}duos com defici{\^e}ncia isolada do horm{\^o}nio do crescimento},
	author={Valen{\c{c}}a, Eug{\^e}nia Herm{\'\i}nia Oliveira and others},
	year={2014},
	publisher={Universidade Federal de Sergipe}
}


@Article{Ren2019,
	author={Ren, Yanzhen and Fang, Zhong and Liu, Dengkai and Chen, Changwen},
	title={Replay attack detection based on distortion by loudspeaker for voice authentication},
	journal={Multimedia Tools and Applications},
	year={2019},
	month={Apr},
	day={01},
	volume={78},
	number={7},
	pages={8383--8396},
	doi={10.1007/s11042-018-6834-3},
}


@ARTICLE{7802552,
	author={K. Sriskandaraja; V. Sethu; E. Ambikairajah; H. Li},
	journal={IEEE Journal of Selected Topics in Signal Processing},
	title={Front-End for Antispoofing Countermeasures in Speaker Verification: Scattering Spectral Decomposition},
	year={2017},
	volume={11},
	number={4},
	pages={632-643},
	doi={10.1109/JSTSP.2016.2647202},
	month={June},
}


@misc{SAS2015,
	author = {Wu, Zhizheng; et al.},
	title = {SAS 2015},
	date = {2015-09-17},
	year = {2015},
}

@misc{SAS2017,
	author = {Kinnunen, Tomi; et al.},
	title = {SAS 2017},
	date = {2017-08-18},
	url = {https://datashare.is.ed.ac.uk/handle/10283/2778},
	year = {2017},
}

@misc{SAS2019,
	author = {Yamagishi, Junichi; et al.},
	title = {SAS 2019},
	date = {2019-06-04},
	url = {https://datashare.is.ed.ac.uk/handle/10283/3336},
	year = {2019},
}

@misc{redDots,
	author = {RedDots},
	title = {RedDots database},
	year = {2015},
	url = {https://sites.google.com/site/thereddotsproject/home},
}

@misc{AVSpoof2015,
	organization = {Idiap Research Institute},
	title = {AVspoof Database 2015},
	url = {https://www.idiap.ch/dataset/avspoof},
	year = {2015},
}

@article{alluri2019replay,
	title={Replay spoofing countermeasures using high spectro-temporal resolution features},
	author={Alluri, KNRK Raju and Vuppala, Anil Kumar},
	journal={International Journal of Speech Technology},
	volume={22},
	number={1},
	pages={271--281},
	year={2019},
	publisher={Springer}
}

@INPROCEEDINGS{8725688,
	author={Y. {Ye} and L. {Lao} and D. {Yan} and L. {Lin}},
	title={Detection of Replay Attack Based on Normalized Constant Q Cepstral Feature},
	year={2019},
	volume={},
	number={},
	pages={407-411},
	doi={10.1109/ICCCBDA.2019.8725688},
	month={April},
}

@Article{Hanilci2018,
	author="Hanil{\c{c}}i, Cemal",
	title="Linear prediction residual features for automatic speaker verification anti-spoofing",
	journal="Multimedia Tools and Applications",
	year="2018",
	month="Jul",
	day="01",
	volume="77",
	number="13",
	pages="16099--16111",
	doi="10.1007/s11042-017-5181-0",
}

@inproceedings{ ISI:000473343500086,
	Author = {Rahmeni, Raoudha and Ben Aicha, Anis and Ben Ayed, Yassine},
	Book-Group-Author = {{IEEE}},
	Title = {{On the contribution of the voice texture for speech spoofing detection}},
	Year = {{2019}},
	Pages = {{501-505}},
	Publisher = {{IEEE}},
	Type = {{Proceedings Paper}},
}

@article{TODISCO2017516,
    author = {Massimiliano Todisco and Héctor Delgado and Nicholas Evans},
	title = "Constant Q cepstral coefficients: A spoofing countermeasure for automatic speaker verification",
	journal = "Computer Speech \& Language",
	volume = "45",
	pages = "516 - 535",
	year = "2017",
	doi = "https://doi.org/10.1016/j.csl.2017.01.001",
}

@inproceedings{Patel2015,
	author = {Patel, Tanvina and Patil, Hemant},
	year = {2015},
	month = {09},
	pages = {},
	title = {Combining Evidences from Mel Cepstral, Cochlear Filter Cepstral and Instantaneous Frequency Features for Detection of Natural vs. Spoofed Speech}
}

@INPROCEEDINGS{7472724,
	author={S. {Novoselov} and A. {Kozlov} and G. {Lavrentyeva} and K. {Simonchik} and V. {Shchemelinin}},
	title={STC anti-spoofing systems for the ASVspoof 2015 challenge},
	year={2016},
	volume={},
	number={},
	pages={5475-5479},
	doi={10.1109/ICASSP.2016.7472724},
	month={March},
}

@inproceedings{korshunov2016overview,
	title={Overview of BTAS 2016 speaker anti-spoofing competition},
	author={Korshunov, Pavel and Marcel, S{\'e}bastien and Muckenhirn, Hannah and Gon{\c{c}}alves, Andr{\'e} R and Mello, AG Souza and Violato, RP Velloso and Simoes, Fl{\'a}vio O and Neto, M Uliani and de Assis Angeloni, Marcus and Stuchi, Jos{\'e} Augusto and others},
	pages={1--6},
	year={2016},
	organization={IEEE}
}

@inproceedings{ ISI:000490497200068,
	Author = {Saranya, M. S. and Padmanabhan, R. and Murthy, Hema A.},
	Book-Group-Author = {{IEEE}},
	Title = {{Replay Attack Detection in Speaker Verification Using non-voiced
	segments and Decision Level Feature Switching}},
	Series = {{International Conference on Signal Processing and Communications SPCOM}},
	Year = {{2018}},
	Pages = {{332-336}},
	Organization = {{IEEE}},
}

@inproceedings{ ISI:000465363900136,
	Author = {Kamble, Madhu R. and Patil, Hemant A.},
	Book-Group-Author = {{Int Speech Commun Assoc}},
	Title = {{Novel Variable Length Energy Separation Algorithm using Instantaneous	Amplitude Features For Replay Detection}},
	Series = {{Interspeech}},
	Year = {{2018}},
	Pages = {{646-650}},
	Organization = {{Int Speech Commun Assoc}},
	DOI = {{10.21437/Interspeech.2018-1687}},
}

@inproceedings{ ISI:000465363900139,
	Author = {Wickramasinghe, Buddhi and Irtza, Saad and Ambikairajah, Eliathamby and
	Epps, Julien},
	Book-Group-Author = {{Int Speech Commun Assoc}},
	Title = {{Frequency Domain Linear Prediction Features for Replay Spoofing Attack
	Detection}},
	Series = {{Interspeech}},
	Year = {{2018}},
	Pages = {{661-665}},
	Organization = {{Int Speech Commun Assoc}},
	Publisher = {{ISCA-INT SPEECH COMMUNICATION ASSOC}},
	Type = {{Proceedings Paper}},
	DOI = {{10.21437/Interspeech.2018-1574}},
}

@inproceedings{Suthokumar2018,
	author={Gajan Suthokumar and Vidhyasaharan Sethu and Chamith Wijenayake and Eliathamby Ambikairajah},
	title={Modulation Dynamic Features for the Detection of Replay Attacks},
	year=2018,
	pages={691--695},
	doi={10.21437/Interspeech.2018-1846},
}

@inproceedings{ ISI:000458728700054,
	Author = {Kamble, Madhu R. and Patil, Hemant A.},
	Book-Group-Author = {{IEEE}},
	Title = {{Novel Energy Separation Based Frequency Modulation Features For Spoofed Speech Classification}},
	Year = {{2017}},
	Pages = {{326-331}},
}

@inproceedings{ ISI:000392503100008,
	Author = {Das, K. Arun and George, Kuruvachan K. and Kumar, C. Santhosh and Veni, S. and Panda, Ashish},
	Title = {{Modified Gammatone Frequency Cepstral Coefficients to Improve Spoofing Detection}},
	Year = {{2016}},
	Pages = {{50-55}},
	Publisher = {{IEEE}},
	Type = {{Proceedings Paper}},
}

@inproceedings{8396208,
	title={Speaker recognition using mel frequency cepstral coefficient and locality sensitive hashing},
	author={Awais, Ahmed and Kun, She and Yu, Yue and Hayat, Shaukat and Ahmed, Aftab and Tu, Tianyi},
	booktitle={2018 International Conference on Artificial Intelligence and Big Data (ICAIBD)},
	pages={271--276},
	year={2018},
	organization={IEEE}
}

@misc{TIMIT2018,
	author = {Linguistic Data Consortium},
	title = {TIMIT Acoustic-Phonetic Continuous Speech Corpus},
	date = {2018},
	year={2018},
	url = {https://catalog.ldc.upenn.edu/byyear#2018},
}

@Article{DiqunYan2019,
	author="Diqun Yan and Xiang, Li	and Wang, Zhifeng  and Wang, Rangding",
	title="Detection of HMM Synthesized Speech by Wavelet Logarithmic Spectrum",
	journal="Automatic Control and Computer Sciences",
	year="2019",
	month="Jan",
	day="01",
	volume="53",
	number="1",
	pages="72--79",
	doi="10.3103/S014641161901005X",
}

@article{johansson1999hilbert,
	title={The hilbert transform},
	author={Johansson, Mathias},
	journal={Mathematics Master’s Thesis. V{\"a}xj{\"o} University, Suecia. Disponible en internet: http://w3. msi. vxu. se/exarb/mj\_ex. pdf, consultado el},
	volume={19},
	year={1999}
}

@article{kschischang2006hilbert,
	title={The hilbert transform},
	author={Kschischang, Frank R},
	journal={University of Toronto},
	volume={83},
	pages={277},
	year={2006},
	publisher={Citeseer}
}

@online{WaveletPropertiesBrowser,
	author = {Filip Wasilewski},
	title = {Wavelet Properties Browser},
	date = {2020-07-06},
	url = {http://wavelets.pybytes.com/wavelet/haar/},
	subtitle = {Wavelet Haar (haar)},
	year = {2020},
}

@article{butterworth1930,
	author = {S. Butterworth},
	title = {On the theory of filters amplifiers},
	date = {10/1930},
	year = {1930},
}

@book{bianchi2007electronic,
	title={Electronic Filter Simulation \& Design},
	author={Bianchi, G.},
	isbn={9780071712620},
	lccn={2007016736},
	year={2007},
	publisher={McGraw-Hill Education}
}
